<?xml version="1.0" encoding="UTF-8"?><collection xmlns="http://www.loc.gov/MARC21/slim"><record><leader>00376nam--2200133-i-4500</leader><controlfield tag="001">000012914</controlfield><controlfield tag="002">20161230</controlfield><controlfield tag="005">20161230201030</controlfield><controlfield tag="008">060222s1000------------r-----000-0-eng-d</controlfield><datafield ind1=" " ind2=" " tag="100"><subfield code="a">Clarke, Kenneth K.And Hess, Donald T</subfield></datafield><datafield ind1=" " ind2=" " tag="245"><subfield code="a">Communication circuits: analysis and design</subfield></datafield><datafield ind1=" " ind2=" " tag="260"><subfield code="a">Reading, Addison-wesley Publishing Co., 1978</subfield></datafield><datafield ind1=" " ind2=" " tag="490"><subfield code="a">Viii + 658 P</subfield></datafield><datafield ind1=" " ind2=" " tag="852"><subfield code="a">621.396</subfield></datafield></record></collection>